@article{buildingIot,
author= {Laplante Phillip A., Kassab Mohamad, Laplante Nancy L. and Jeffrey M. Voas},
title = {Building Caring Healthcare Systems in the Internet of Things.},
journal = {IEEE Systems Journal},
volume = {12},
number = {3},
month = {september},
year = {2018}
}

@unpublished{clockIot,
author = {Sathiya Kumaran Mani, Ramakrishnan Durairajan, Paul Barford, Joel Sommers},
title = { A System for Clock Synchronization in an Internet of Things },
year = {2018},
month = {june}, 
note = {arXiv:1806.02474v1 [cs.NI]}
}

@article{ecgIot,
title = {Implementation of a portable device for real-time ECG signal analysis},
author = {Taegyun Jeon, Byoungho Kim, Moongu Jeon and Byung-Geun Lee},
journal = {BioMedical Engineering OnLine},
year = {2014}
}

@article{yourOwnIot,
title = {Create Your Own Internet Of Things},
author = {Kiran Jot Singh and Divneet Singh Kapoor},
year = {2017},
month = {april},
journal = {IEEE CONSUMER ELECTRONICS MAGAZINE}


}
